<?xml version="1.0" encoding="UTF-8"?>
<collection xmlns:xsi="http://www.w3.org/2001/XMLSchema-instance" xsi:schemaLocation="http://www.loc.gov/MARC21/slim http://www.loc.gov/standards/marcxml/schema/MARC21slim.xsd" xmlns="http://www.loc.gov/MARC21/slim">
<record>
  <leader>01162cam a2200229   4500</leader>
  <controlfield tag="001">2678064</controlfield>
  <controlfield tag="003">NNC</controlfield>
  <controlfield tag="005">20030429134722.0</controlfield>
  <controlfield tag="008">821111m19539999ua            000 0 arar </controlfield>
  <datafield tag="010" ind1=" " ind2=" ">
    <subfield code="a">ne 65001004 </subfield>
  </datafield>
  <datafield tag="035" ind1=" " ind2=" ">
    <subfield code="a">(OCoLC)ocm08944786</subfield>
  </datafield>
  <datafield tag="035" ind1=" " ind2=" ">
    <subfield code="9">ARC6823CU</subfield>
  </datafield>
  <datafield tag="040" ind1=" " ind2=" ">
    <subfield code="a">DLC</subfield>
    <subfield code="c">TKN</subfield>
    <subfield code="d">TKN</subfield>
    <subfield code="d">OCL</subfield>
    <subfield code="d">ZCU</subfield>
  </datafield>
  <datafield tag="050" ind1="0" ind2=" ">
    <subfield code="a">DT45</subfield>
    <subfield code="b">.R3</subfield>
  </datafield>
  <datafield tag="099" ind1=" " ind2=" ">
    <subfield code="a">962</subfield>
    <subfield code="a">R149</subfield>
  </datafield>
  <datafield tag="100" ind1="1" ind2=" ">
    <subfield code="a">Ramzī, Muḥammad.</subfield>
  </datafield>
  <datafield tag="245" ind1="1" ind2="3">
    <subfield code="a">al-Qāmūs al-jughrāfi lil-bilād al-Miṣrīyah,</subfield>
    <subfield code="b">min ʻahd qudamāʾ al-Miṣrīyyīn ilā Sanat 1945.</subfield>
    <subfield code="c">waḍaʻah wa-ʻallaq ʻalayh Muḥammad Ramzī.</subfield>
  </datafield>
  <datafield tag="260" ind1=" " ind2=" ">
    <subfield code="a">al-Qāhirah,</subfield>
    <subfield code="b">Maṭbaʻat Dār al-Kutub al-Miṣrīyah,</subfield>
    <subfield code="c">1953-54-</subfield>
  </datafield>
  <datafield tag="300" ind1=" " ind2=" ">
    <subfield code="a">v. in</subfield>
    <subfield code="c">27cm.</subfield>
  </datafield>
  <datafield tag="505" ind1="0" ind2=" ">
    <subfield code="a">Qism 1. al-Bilād al-mundarisah- Qism 2.  al-Bilād al-Ḥālīyah, Juzʾ 1. al-muḥāfaẓāt wa-mudr̄īyāt al-Qalyūbīyah wa-al-Sharqīyah wa-al-Daqhlīyah. Juzʾ 2. Mudiriyāt al-Gharbīyah wa-al-munūfīyah wa-al-Bḥīrah. Juzʾ3. Mudīriyāt al-Jazīrah wa-Banī Swīf wa-al-Fayyūm wa-Alminyā. Juzʾ 4. Mudīriyat Asyūṭ wa-Jirjā wa-Qinā wa-Aswān wa-maṣlaḥat al-ḥudūd.</subfield>
  </datafield>
  <datafield tag="651" ind1=" " ind2="0">
    <subfield code="a">Egypt</subfield>
    <subfield code="v">Gazetteers.</subfield>
  </datafield>
  <datafield tag="955" ind1=" " ind2=" ">
    <subfield code="b">0315313328</subfield>
    <subfield code="d">glx</subfield>
    <subfield code="e">962 R149</subfield>
    <subfield code="v">v.1</subfield>
  </datafield>
</record>
</collection>